% ГОСТ Р 7.0.11-2011, Приложение Б, Книги
@BOOK{Knuth,
  author = {Knuth},
  title = {История Астраханвского казачьего войска: учебное пособие},
  address = {Астрахань},
  publisher = {Волга},
  year = {2009},
  numpages = {231},
  language = {russian}
}

@BOOK{Cormen,
  author = {Cormen},
  editor = {Бочарова, В. М.},
  address = {Астрахань},
  publisher = {Калиниградский ЮИ МВД России},
  title = {Гражданское общество: проблемы формирования и развития (философский и юридический аспекты): монография},
  year = {2009},
  numpages = {218},
  language = {russian}
}


% Examples from https://verbosus.com/bibtex-style-examples.html
% @ARTICLE{Article,
%   author   = {Peter Adams},
%   title    = {The title of the work},
%   journal  = {The name of the journal},
%   year     = {1993},
%   number   = {2},
%   pages    = {201-213},
%   month    = {7},
%   note     = {An optional note},
%   volume   = {4},
%   language = {english}
% }
% 
% @BOOK{Book,
%   author    = {Peter Babington}, 
%   title     = {The title of the work},
%   publisher = {The name of the publisher},
%   year      = {1993},
%   volume    = {4},
%   series    = {10},
%   address   = {The address},
%   edition   = {3},
%   month     = {7},
%   note      = {An optional note},
%   isbn      = {3257227892},
%   language  = {english}
% }
